@article{10.1093/mnras/82.3.122,
    author = {Jeans, J. H.},
    title = "{The Motions of Stars in a Kapteyn-Universe}",
    journal = {Monthly Notices of the Royal Astronomical Society},
    volume = {82},
    number = {3},
    pages = {122-132},
    year = {1922},
    month = {01},
    issn = {0035-8711},
    doi = {10.1093/mnras/82.3.122},
    url = {https://doi.org/10.1093/mnras/82.3.122},
    eprint = {https://academic.oup.com/mnras/article-pdf/82/3/122/18250702/mnras82-0122.pdf},
}
@article{1922ApJ55302K,
       author = {Kapteyn, J.~C.},
        title = "{First Attempt at a Theory of the Arrangement and Motion of the Sidereal System}",
      journal = {apj},
         year = 1922,
        month = may,
       volume = {55},
        pages = {302},
          doi = {10.1086/142670},
       adsurl = {https://ui.adsabs.harvard.edu/abs/1922ApJ....55..302K},
      adsnote = {Provided by the SAO/NASA Astrophysics Data System}
}

@ARTICLE{1933AcHPh...6..110Z,
       author = {{Zwicky}, F.},
        title = "{Die Rotverschiebung von extragalaktischen Nebeln}",
      journal = {Helvetica Physica Acta},
         year = 1933,
        month = jan,
       volume = {6},
        pages = {110-127},
       adsurl = {https://ui.adsabs.harvard.edu/abs/1933AcHPh...6..110Z},
      adsnote = {Provided by the SAO/NASA Astrophysics Data System}
}

